@article{Bhandari2021,
  author = {{Bhandari}, {Pratik} and {Demberg}, {Vera} and {Kray}, {Jutta}},
  doi = {10.3389/fpsyg.2021.714485},
  journal = {Frontiers in Psychology},
  title = {{Semantic predictability facilitates comprehension of degraded speech in a graded manner}},
  volume = {3769},
  year = {2021}
}


@article{Dudley1939,
  author = {{Dudley}, {Homer}},
  journal = {Bell Laboratories Record},
  mendeley-groups = {00-Manuscript/diss},
  number = {4},
  pages = {122--126},
  title = {{The vocoder}},
  volume = {18},
  year = {1939}
}

@article{Vocoder1940,
  doi = {10.1038/145157a0},
  issn = {00280836},
  journal = {Nature},
  mendeley-groups = {00-Manuscript/diss},
  number = {3665},
  pages = {157},
  title = {{The vocoder}},
  volume = {145},
  year = {1940}
}

@article{Baayen2008,
  author = {Baayen, R. H. and Davidson, D. J. and Bates, D. M.},
  doi = {10.1016/j.jml.2007.12.005},
  file = {:Users/pratikbhandari/Documents/mendeley/Baayen, Davidson, Bates{\_}2008{\_}Mixed  -effects modeling with crossed random effects for subjects and items.pdf:pdf},
  isbn = {0749-596X},
  issn = {0749596X},
  journal = {Journal of Memory and Language},
  keywords = {By-item,By-subject,Crossed random effects,Mixed-effects models,Quasi-F},
  mendeley-groups = {Analsis$\backslash$Stats$\backslash$Methods},
  number = {4},
  pages = {390--412},
  pmid = {261651700003},
  publisher = {Elsevier Inc.},
  title = {{Mixed-effects modeling with crossed random effects for subjects and items}},
  url = {http://dx.doi.org/10.1016/j.jml.2007.12.005},
  volume = {59},
  year = {2008}
}

@article{Jaeger2008,
  author = {{Jaeger}, {T. Florian}},
  doi = {10.1016/j.jml.2007.11.007},
  issn = {0749596X},
  journal = {Journal of Memory and Language},
  number = {4},
  pages = {434--446},
  pmid = {19884961},
  publisher = {Elsevier Inc.},
  title = {{Categorical data analysis: Away from ANOVAs (transformation or not) and towards logit   mixed models}},
  url = {http://dx.doi.org/10.1016/j.jml.2007.11.007},
  volume = {59},
  year = {2008}
}

@phdthesis{Jaeger2006,
	annote = {Jaeger, T. F. (2006). Redundancy and syntactic reduction in spontaneous speech. Standford University.},
  author = {{Jaeger}, {T. Florian}},
	school = {Standford University},
	title = {{Redundancy and syntactic reduction in spontaneous speech}},
	type = {Doctoral dissertation},
	year = {2006},
	pages = {231}
}



@article{Shannon1948,
	title = {A Mathematical Theory of Communication},
	author = {{Shannon}, {Claude Elwood}},
	year = {1948},
	month = {10},
	date = {1948-10},
	journal = {Bell System Technical Journal},
	pages = {623--656},
	volume = {27},
	number = {4},
	doi = {10.1002/j.1538-7305.1948.tb00917.x},
	url = {http://dx.doi.org/10.1002/j.1538-7305.1948.tb00917.x},
	langid = {en}
}

@article{Knoeferle2005,
	title = {The influence of the immediate visual context on incremental thematic role-assignment: evidence from eye-movements in depicted events},
	author = {{Knoeferle}, {Pia} and {Crocker}, {Matthew W.} and {Scheepers}, {Christoph} and {Pickering}, {Martin J.}},
	year = {2005},
	month = {02},
	date = {2005-02},
	journal = {Cognition},
	pages = {95--127},
	volume = {95},
	number = {1},
	doi = {10.1016/j.cognition.2004.03.002},
	url = {http://dx.doi.org/10.1016/j.cognition.2004.03.002},
	langid = {en}
}

@article{Kaiser2004,
	title = {The role of discourse context in the processing of a flexible word-order language},
	author = {{Kaiser}, {E} and {Trueswell}, {J}},
	year = {2004},
	month = {12},
	date = {2004-12},
	journal = {Cognition},
	pages = {113--147},
	volume = {94},
	number = {2},
	doi = {10.1016/j.cognition.2004.01.002},
	url = {http://dx.doi.org/10.1016/j.cognition.2004.01.002},
	langid = {en}
}

@article{Altmann1999,
	title = {Incremental interpretation at verbs: restricting the domain of subsequent reference},
	author = {{Altmann}, {Gerry T.M} and {Kamide}, {Yuki}},
	year = {1999},
	month = {12},
	date = {1999-12},
	journal = {Cognition},
	pages = {247--264},
	volume = {73},
	number = {3},
	doi = {10.1016/s0010-0277(99)00059-1},
	url = {http://dx.doi.org/10.1016/s0010-0277(99)00059-1},
	langid = {en}
}

@article{Xiang2015,
author = {Xiang, Ming and Kuperberg, Gina},
doi = {10.1080/23273798.2014.995679},
issn = {23273801},
journal = {Language, Cognition and Neuroscience},
number = {6},
pages = {648--672},
title = {{Reversing expectations during discourse comprehension}},
url = {http://dx.doi.org/10.1080/23273798.2014.995679},
volume = {30},
year = {2015}
}

@article{Altmann2007,
author = {{Altmann}, {Gerry T.M.} and {Kamide}, {Yuki}},
doi = {10.1016/j.jml.2006.12.004},
issn = {0749596X},
journal = {Journal of Memory and Language},
number = {4},
pages = {502--518},
title = {{The real-time mediation of visual attention by language and world knowledge: Linking anticipatory (and other) eye movements to linguistic processing}},
volume = {57},
year = {2007}
}

@article{Amichetti2018,
	title = {Linguistic Context Versus Semantic Competition in Word Recognition by Younger and Older Adults With Cochlear Implants},
	author = {{Amichetti}, {Nicole M.} and {Atagi}, {Eriko} and {Kong}, {Ying-Yee} and {Wingfield}, {Arthur}},
	year = {2018},
	month = {01},
	date = {2018-01},
	journal = {Ear \& Hearing},
	pages = {101--109},
	volume = {39},
	number = {1},
	doi = {10.1097/aud.0000000000000469},
	url = {http://dx.doi.org/10.1097/AUD.0000000000000469},
	langid = {en}
}

@article{Barr2013,
	title = {Random effects structure for confirmatory hypothesis testing: Keep it maximal},
	author = {{Barr}, {Dale J.} and {Levy}, {Roger} and {Scheepers}, {Christoph} and {Tily}, {Harry J.}},
	year = {2013},
	month = {04},
	date = {2013-04},
	journal = {Journal of Memory and Language},
	pages = {255--278},
	volume = {68},
	number = {3},
	doi = {10.1016/j.jml.2012.11.001},
	url = {http://dx.doi.org/10.1016/j.jml.2012.11.001},
	langid = {en}
}

@article{Bates2015,
	title = {Fitting Linear Mixed-Effects Models Using lme4},
	author = {{Bates}, {Douglas} and {MÃ¤chler}, {Martin} and {Bolker}, {Ben} and {Walker}, {Steve}},
	year = {2015},
	date = {2015},
	journal = {Journal of Statistical Software},
	volume = {67},
	number = {1},
	doi = {10.18637/jss.v067.i01},
	url = {http://dx.doi.org/10.18637/jss.v067.i01},
	langid = {en}
}

@article{Bates2015a,
  archivePrefix = {arXiv},
  arxivId = {1506.04967},
  author = {{Bates}, {Douglas} and {Kliegl}, {Reinhold} and {Vasishth}, {Shravan} and {Baayen}, {Harald}},
  eprint = {1506.04967},
  file = {:Users/pratikbhandari/Documents/mendeley/Bates et al.{\_}2015{\_}Parsimonious Mixed Models  .pdf:pdf},
  journal = {arXiv},
  keywords = {crossed random effects,linear mixed models,model,model selection},
  mendeley-groups = {00-Manuscript/diss},
  title = {{Parsimonious Mixed Models}},
  url = {http://arxiv.org/abs/1506.04967},
  year = {2015}
}


@article{Bent2009,
	title = {Perceptual adaptation and intelligibility of multiple talkers for two types of degraded speech},
	author = {{Bent}, {Tessa} and {Buchwald}, {Adam} and {Pisoni}, {David B.}},
	year = {2009},
	month = {11},
	date = {2009-11},
	journal = {The Journal of the Acoustical Society of America},
	pages = {2660--2669},
	volume = {126},
	number = {5},
	doi = {10.1121/1.3212930},
	url = {http://dx.doi.org/10.1121/1.3212930},
	langid = {en}
}

@article{Brouwer2017,
	title = {On the Proper Treatment of the N400 and P600 in Language Comprehension},
	author = {{Brouwer}, {Harm} and {Crocker}, {Matthew W.}},
	year = {2017},
	month = {08},
	date = {2017-08-02},
	journal = {Frontiers in Psychology},
	volume = {8},
	doi = {10.3389/fpsyg.2017.01327},
	url = {http://dx.doi.org/10.3389/fpsyg.2017.01327}
}

@article{Heilbron2020,
  author = {{Heilbron}, {Micha} and {Armeni}, {Kristijan} and {Schoffelen}, {Jan-Mathijs}, {Schoffelen} and {Hagoort}, {Peter} and {de Lange}, {Floris P.}},
  doi = {10.1101/2020.12.03.410399},
  issn = {26928205},
  journal = {bioRxiv},
  mendeley-groups = {003{\_}Comput-Modeling,001{\_}SFB},
  title = {{A hierarchy of linguistic predictions during natural language comprehension}},
  year = {2020}
}


@inbook{Dahan2006,
	title = {Spoken Word Recognition},
	author = {{Dahan}, {Delphine} and {Magnuson}, {James S.}},
	year = {2006},
	date = {2006},
	publisher = {Elsevier},
	pages = {249--283},
	doi = {10.1016/b978-012369374-7/50009-2},
	url = {http://dx.doi.org/10.1016/b978-012369374-7/50009-2}
}

@inbook{Fletcher1929,
	title = {Speech and Hearing},
	author = {{Fletcher}, {Harvey}},
	year = {1929},
	date = {1929},
	publisher = {D. Van Nostrand Company}
}

@article{Charpentier1986,
  author = {{Charpentier}, {F. J.} and {Stella}, {M. G.}},
  doi = {10.1109/icassp.1986.1168657},
  file = {:Users/pratikbhandari/Documents/mendeley/Charpentier, Stella{\_}1986{\_}Diphone Synthesis Using   an Overlap-Add Technique for Speech Waveforms Concatenation.pdf:pdf},
  issn = {07367791},
  journal = {ICASSP, IEEE International Conference on Acoustics, Speech and Signal Processing -   Proceedings},
  mendeley-groups = {00-Manuscript/Manuscript-03: Time / Speech rate},
  pages = {2015--2018},
  title = {{Diphone Synthesis Using an Overlap-Add Technique for Speech Waveforms Concatenation.}},
  year = {1986}
}

@article{Moulines1990,
  author = {{Moulines}, {Eric} and {Charpentier}, {Francis}},
  journal = {Speech Communication},
  keywords = {pitch-synchronous overlap-add,psola,text-to-speech synthesis,voice quality},
  number = {1990},
  pages = {453--467},
  title = {{Pitch-synchronous waveform processing techniques for text-to-speech synthesis using   diphones}},
  volume = {9},
  year = {1990}
}

@article{Davis2005,
	title = {Lexical Information Drives Perceptual Learning of Distorted Speech: Evidence From the Comprehension of Noise-Vocoded Sentences.},
	author = {{Davis}, {Matthew H.} and {Johnsrude}, {Ingrid S.} and {Hervais-Adelman}, {Alexis} and {Taylor}, {Karen} and {McGettigan}, {Carolyn}},
	year = {2005},
	date = {2005},
	journal = {Journal of Experimental Psychology: General},
	pages = {222--241},
	volume = {134},
	number = {2},
	doi = {10.1037/0096-3445.134.2.222},
	url = {http://dx.doi.org/10.1037/0096-3445.134.2.222},
	langid = {en}
}

@article{Delong2005,
	title = {Probabilistic word pre-activation during language comprehension inferred from electrical brain activity},
	author = {{DeLong}, {Katherine A} and {Urbach}, {Thomas P} and {Kutas}, {Marta}},
	year = {2005},
	month = {07},
	date = {2005-07-10},
	journal = {Nature Neuroscience},
	pages = {1117--1121},
	volume = {8},
	number = {8},
	doi = {10.1038/nn1504},
	url = {http://dx.doi.org/10.1038/nn1504},
	langid = {en}
}

@article{Dupoux1997,
	title = {Perceptual adjustment to highly compressed speech: Effects of talker and rate changes.},
	author = {{Dupoux}, {Emmanuel} and {Green}, {Kerry}},
	year = {1997},
	date = {1997},
	journal = {Journal of Experimental Psychology: Human Perception and Performance},
	pages = {914--927},
	volume = {23},
	number = {3},
	doi = {10.1037/0096-1523.23.3.914},
	url = {http://dx.doi.org/10.1037/0096-1523.23.3.914},
	langid = {en}
}

@article{Greenwood1990,
author = {{Greenwood}, {Donald D.}},
doi = {10.1121/1.399052},
issn = {NA},
journal = {Journal of the Acoustical Society of America},
mendeley-groups = {00-Manuscript/diss/Manuscript-01: Gradaded Prediction/After-Frontiers},
number = {6},
pages = {2592--2605},
pmid = {2373794},
title = {{A cochlear frequency-position function for several speciesâ29 years later}},
volume = {87},
year = {1990}
}


@article{Eckert2016,
	title = {Is Listening in Noise Worth It? The Neurobiology of Speech Recognition in Challenging Listening Conditions},
	author = {{Eckert}, {Mark A.} and {Teubner-Rhodes}, {Susan} and {Vaden}, {Kenneth I.}},
	year = {2016},
	month = {07},
	date = {2016-07},
	journal = {Ear \& Hearing},
	pages = {101S--110S},
	volume = {37},
	number = {1},
	doi = {10.1097/aud.0000000000000300},
	url = {http://dx.doi.org/10.1097/aud.0000000000000300},
	langid = {en}
}

@article{Erb2013,
	title = {The Brain Dynamics of Rapid Perceptual Adaptation to Adverse Listening Conditions},
	author = {{Erb}, {J.} and {Henry}, {M. J.} and {Eisner}, {F.} and {Obleser}, {Jonas}},
	year = {2013},
	month = {06},
	date = {2013-06-26},
	journal = {Journal of Neuroscience},
	pages = {10688--10697},
	volume = {33},
	number = {26},
	doi = {10.1523/jneurosci.4596-12.2013},
	url = {http://dx.doi.org/10.1523/JNEUROSCI.4596-12.2013},
	langid = {en}
}

@article{Federmeier2007,
	title = {Multiple effects of sentential constraint on word processing},
	author = {{Federmeier}, {Kara D.} and {Wlotko}, {Edward W.} and {De Ochoa-Dewald}, {Esmeralda} and {Kutas}, {Marta}},
	year = {2007},
	month = {05},
	date = {2007-05},
	journal = {Brain Research},
	pages = {75--84},
	volume = {1146},
	doi = {10.1016/j.brainres.2006.06.101},
	url = {http://dx.doi.org/10.1016/j.brainres.2006.06.101},
	langid = {en}
}

@article{Gold2010,
	title = {Perceptual learning},
	author = {{Gold}, {Joshua I.} and {Watanabe}, {Takeo}},
	year = {2010},
	month = {01},
	date = {2010-01},
	journal = {Current Biology},
	pages = {R46--R48},
	volume = {20},
	number = {2},
	doi = {10.1016/j.cub.2009.10.066},
	url = {http://dx.doi.org/10.1016/j.cub.2009.10.066},
	langid = {en}
}

@article{Goldstone1998,
	title = {Perceptual learning},
	author = {{Goldstone}, {Robert L.}},
	year = {1998},
	month = {02},
	date = {1998-02},
	journal = {Annual Review of Psychology},
	pages = {585--612},
	volume = {49},
	number = {1},
	doi = {10.1146/annurev.psych.49.1.585},
	url = {http://dx.doi.org/10.1146/annurev.psych.49.1.585},
	langid = {en}
}

@article{Grueber2011,
	title = {Multimodel inference in ecology and evolution: challenges and solutions},
	author = {{Grueber}, {C. E.} and {Nakagawa}, {S.} and {Laws}, {R. J.} and {Jamieson}, {I. G.}},
	year = {2011},
	month = {01},
	date = {2011-01-27},
	journal = {Journal of Evolutionary Biology},
	pages = {699--711},
	volume = {24},
	number = {4},
	doi = {10.1111/j.1420-9101.2010.02210.x},
	url = {http://dx.doi.org/10.1111/j.1420-9101.2010.02210.x},
	langid = {en}
}

@article{Hakonen2017,
	title = {Predictive processing increases intelligibility of acoustically distorted speech: Behavioral and neural correlates},
	author = {{Hakonen}, {Maria} and {May}, {Patrick J. C.} and {JÃ¤Ã¤skelÃ¤inen}, {Iiro P.} and {Jokinen}, {Emma} and {Sams}, {Mikko} and {Tiitinen}, {Hannu}},
	year = {2017},
	month = {08},
	date = {2017-08-04},
	journal = {Brain and Behavior},
	pages = {e00789},
	volume = {7},
	number = {9},
	doi = {10.1002/brb3.789},
	url = {http://dx.doi.org/10.1002/brb3.789},
	langid = {en}
}

@article{Hartwigsen2015,
	title = {Repetitive transcranial magnetic stimulation over left angular gyrus modulates the predictability gain in degraded speech comprehension},
	author = {{Hartwigsen}, {Gesa} and {Golombek}, {Thomas} and {Obleser}, {Jonas}},
	year = {2015},
	month = {07},
	date = {2015-07},
	journal = {Cortex},
	pages = {100--110},
	volume = {68},
	doi = {10.1016/j.cortex.2014.08.027},
	url = {http://dx.doi.org/10.1016/j.cortex.2014.08.027},
	langid = {en}
}

@article{Jachmann2019,
	title = {Influence of speakers{\textquoteright} gaze on situated language comprehension: Evidence from Event-Related Potentials},
	author = {{Jachmann}, {Torsten Kai} and {Drenhaus}, {Heiner} and {Staudte}, {Maria} and {Crocker}, {Matthew W.}},
	year = {2019},
	month = {10},
	date = {2019-10},
	journal = {Brain and Cognition},
	pages = {103571},
	volume = {135},
	doi = {10.1016/j.bandc.2019.05.009},
	url = {http://dx.doi.org/10.1016/j.bandc.2019.05.009},
	langid = {en}
}

@article{Huettig2016,
	title = {Is prediction necessary to understand language? Probably not},
	author = {{Huettig}, {Falk} and {Mani}, {Nivedita}},
	year = {2015},
	month = {09},
	date = {2015-09-07},
	journal = {Language, Cognition and Neuroscience},
	pages = {19--31},
	volume = {31},
	number = {1},
	doi = {10.1080/23273798.2015.1072223},
	url = {http://dx.doi.org/10.1080/23273798.2015.1072223},
	langid = {en}
}

@article{Kamide2003,
	title = {The time-course of prediction in incremental sentence processing: Evidence from anticipatory eye movements},
	author = {{Kamide}, {Yuki} and {Altmann}, {Gerry T.M.} and {Haywood}, {Sarah L}},
	year = {2003},
	month = {07},
	date = {2003-07},
	journal = {Journal of Memory and Language},
	pages = {133--156},
	volume = {49},
	number = {1},
	doi = {10.1016/s0749-596x(03)00023-8},
	url = {http://dx.doi.org/10.1016/S0749-596X(03)00023-8},
	langid = {en}
}

@article{Kochari2018,
	title = {Lexical prediction in language comprehension: a replication study of grammatical gender effects in Dutch},
	author = {{Kochari}, {Arnold R.} and {Flecken}, {Monique}},
	year = {2018},
	month = {09},
	date = {2018-09-21},
	journal = {Language, Cognition and Neuroscience},
	pages = {239--253},
	volume = {34},
	number = {2},
	doi = {10.1080/23273798.2018.1524500},
	url = {http://dx.doi.org/10.1080/23273798.2018.1524500},
	langid = {en}
}

@article{Kuperberg2016,
	title = {What do we mean by prediction in language comprehension?},
	author = {{Kuperberg}, {Gina R.} and {Jaeger}, {T. Florian}},
	year = {2016},
	month = {11},
	journal = {Language, Cognition and Neuroscience},
	pages = {32--59},
	volume = {31},
	number = {1},
	doi = {10.1080/23273798.2015.1102299},
	url = {http://dx.doi.org/10.1080/23273798.2015.1102299},
	langid = {en}
}

@article{Kutas2011,
	title = {Thirty Years and Counting: Finding Meaning in the N400 Component of the Event-Related Brain Potential (ERP)},
	author = {{Kutas}, {Marta} and {Federmeier}, {Kara D.}},
	year = {2011},
	month = {01},
	date = {2011-01-10},
	journal = {Annual Review of Psychology},
	pages = {621--647},
	volume = {62},
	number = {1},
	doi = {10.1146/annurev.psych.093008.131123},
	url = {http://dx.doi.org/10.1146/annurev.psych.093008.131123},
	langid = {en}
}

@article{Kuznetsova2017,
	title = {lmerTest Package: Tests in Linear Mixed Effects Models},
	author = {{Kuznetsova}, {Alexandra} and {Brockhoff}, {Per B.} and {Christensen}, {Rune H. B.}},
	year = {2017},
	date = {2017},
	journal = {Journal of Statistical Software},
	volume = {82},
	number = {13},
	doi = {10.18637/jss.v082.i13},
	url = {http://dx.doi.org/10.18637/jss.v082.i13},
	langid = {en}
}

@article{Loizou1999,
	title = {On the number of channels needed to understand speech},
	author = {{Loizou}, {Philipos C.} and {Dorman}, {Michael} and {Tu}, {Zhemin}},
	year = {1999},
	month = {10},
	date = {1999-10},
	journal = {The Journal of the Acoustical Society of America},
	pages = {2097--2103},
	volume = {106},
	number = {4},
	doi = {10.1121/1.427954},
	url = {http://dx.doi.org/10.1121/1.427954},
	langid = {en}
}

@article{Lupyan2015,
	title = {Words and the World},
	author = {{Lupyan}, {Gary} and {Clark}, {Andy}},
	year = {2015},
	month = {08},
	date = {2015-08},
	journal = {Current Directions in Psychological Science},
	pages = {279--284},
	volume = {24},
	number = {4},
	doi = {10.1177/0963721415570732},
	url = {http://dx.doi.org/10.1177/0963721415570732},
	langid = {en}
}

@article{Mattys2012,
  author = {{Mattys}, {Sven L.} and {Davis}, {Matthew H.} and {Bradlow}, {Ann R.} and {Scott}, {Sophie K.}},
  doi = {10.1080/01690965.2012.705006},
  issn = {01690965},
  journal = {Language and Cognitive Processes},
  number = {7-8},
  pages = {953--978},
  title = {{Speech recognition in adverse conditions: A review}},
  volume = {27},
  year = {2012}
}


@article{Metusalem2012,
	title = {Generalized event knowledge activation during online sentence comprehension},
	author = {{Metusalem}, {Ross} and {Kutas}, {Marta} and {Urbach}, {Thomas P.} and {Hare}, {Mary} and {McRae}, {Ken} and {Elman}, {Jeffrey L.}},
	year = {2012},
	month = {05},
	date = {2012-05},
	journal = {Journal of Memory and Language},
	pages = {545--567},
	volume = {66},
	number = {4},
	doi = {10.1016/j.jml.2012.01.001},
	url = {http://dx.doi.org/10.1016/j.jml.2012.01.001},
	langid = {en}
}

@article{Nicenboim2020,
	title = {Are words pre-activated probabilistically during sentence comprehension? Evidence from new data and a Bayesian random-effects meta-analysis using publicly available data},
	author = {{Nicenboim}, {Bruno} and {Vasishth}, {Shravan} and {RÃ¶sler}, {Frank}},
	year = {2020},
	month = {05},
	date = {2020-05},
	journal = {Neuropsychologia},
	pages = {107427},
	volume = {142},
	doi = {10.1016/j.neuropsychologia.2020.107427},
	url = {http://dx.doi.org/10.1016/j.neuropsychologia.2020.107427},
	langid = {en}
}

@article{Nieuwland2018,
  author = {Nieuwland, Mante S and Politzer-Ahles, Stephen and Heyselaar, Evelien and Segaert, Katrien and Darley, Emily and Kazanina, Nina and {Von Grebmer Zu Wolfsthurn}, Sarah and   Bartolozzi, Federica and Kogan, Vita and Ito, Aine and M{\'{e}}zi{\`{e}}re, Diane and Barr, Dale J and Rousselet, Guillaume A and Ferguson, Heather J and Busch-Moreno, Simon and Fu  , Xiao and Tuomainen, Jyrki and Kulakova, Eugenia and Husband, E Matthew and Donaldson, David I and Koh{\'{u}}t, Zdenko and Rueschemeyer, Shirley-Ann and Huettig, Falk},
  doi = {10.7554/elife.33468},
  journal = {eLife},
  pages = {1--24},
  title = {{Large-scale replication study reveals a limit on probabilistic prediction in language comprehension}},
  volume = {7},
  year = {2018}
}


@article{Obleser2014,
	title = {Putting the Listening Brain in Context},
	author = {{Obleser}, {Jonas}},
	year = {2014},
	month = {12},
	date = {2014-12},
	journal = {Language and Linguistics Compass},
	pages = {646--658},
	volume = {8},
	number = {12},
	doi = {10.1111/lnc3.12098},
	url = {http://dx.doi.org/10.1111/lnc3.12098},
	langid = {en}
}

@article{Obleser2010,
	title = {Expectancy Constraints in Degraded Speech Modulate the Language Comprehension Network},
	author = {{Obleser}, {Jonas} and {Kotz}, {S. A.}},
	year = {2009},
	month = {06},
	date = {2009-06-26},
	journal = {Cerebral Cortex},
	pages = {633--640},
	volume = {20},
	number = {3},
	doi = {10.1093/cercor/bhp128},
	url = {http://dx.doi.org/10.1093/cercor/bhp128},
	langid = {en}
}

@article{Obleser2011,
  title = {Multiple brain signatures of integration in the comprehension of degraded speech},
  journal = {NeuroImage},
  volume = {55},
  number = {2},
  pages = {713-723},
  year = {2011},
  issn = {1053-8119},
  doi = {10.1016/j.neuroimage.2010.12.020},
  url = {https://www.sciencedirect.com/science/article/pii/S1053811910016034},
  author = {{Obleser}, {Jonas} and {Kotz}, {Sonja A.}},
}

@article{Obleser2007,
	title = {Functional Integration across Brain Regions Improves Speech Perception under Adverse Listening Conditions},
	author = {{Obleser}, {Jonas} and {Wise}, {R. J. S.} and {Alex Dresner}, {M.} and {Scott}, {S. K.}},
	year = {2007},
	month = {02},
	date = {2007-02-28},
	journal = {Journal of Neuroscience},
	pages = {2283--2289},
	volume = {27},
	number = {9},
	doi = {10.1523/jneurosci.4663-06.2007},
	url = {http://dx.doi.org/10.1523/JNEUROSCI.4663-06.2007},
	langid = {en}
}

@article{Pickering2018,
	title = {Predicting while comprehending language: A theory and review.},
	author = {{Pickering}, {Martin J.} and {Gambi}, {Chiara}},
	year = {2018},
	month = {10},
	date = {2018-10},
	journal = {Psychological Bulletin},
	pages = {1002--1044},
	volume = {144},
	number = {10},
	doi = {10.1037/bul0000158},
	url = {http://dx.doi.org/10.1037/bul0000158},
	langid = {en}
}

@article{Rayner2011,
	title = {Eye movements and word skipping during reading: Effects of word length and predictability.},
	author = {{Rayner}, {Keith} and {Slattery}, {Timothy J.} and {Drieghe}, {Denis} and {Liversedge}, {Simon P.}},
	year = {2011},
	month = {04},
	date = {2011-04},
	journal = {Journal of Experimental Psychology: Human Perception and Performance},
	pages = {514--528},
	volume = {37},
	number = {2},
	doi = {10.1037/a0020990},
	url = {http://dx.doi.org/10.1037/a0020990},
	langid = {en}
}

@article{Richards2011,
	title = {Model selection and model averaging in behavioural ecology: the utility of the IT-AIC framework},
	author = {{Richards}, {Shane A.} and {Whittingham}, {Mark J.} and {Stephens}, {Philip A.}},
	year = {2011},
	month = {08},
	journal = {Behavioral Ecology and Sociobiology},
	pages = {77--89},
	volume = {65},
	number = {1},
	doi = {10.1007/s00265-010-1035-8},
	url = {http://dx.doi.org/10.1007/s00265-010-1035-8},
	langid = {en}
}

@article{Rosen1999,
	title = {Adaptation by normal listeners to upward spectral shifts of speech: Implications for cochlear implants},
	author = {{Rosen}, {Stuart} and {Faulkner}, {Andrew} and {Wilkinson}, {Lucy}},
	year = {1999},
	month = {12},
	date = {1999-12},
	journal = {The Journal of the Acoustical Society of America},
	pages = {3629--3636},
	volume = {106},
	number = {6},
	doi = {10.1121/1.428215},
	url = {http://dx.doi.org/10.1121/1.428215},
	langid = {en}
}

@article{Samar1988,
	title = {Criterion Validity of Speech Intelligibility Rating-Scale Procedures for the Hearing-Impaired Population},
	author = {{Samar}, {Vincent J.} and {Metz}, {Dale Evan}},
	year = {1988},
	month = {09},
	date = {1988-09},
	journal = {Journal of Speech, Language, and Hearing Research},
	pages = {307--316},
	volume = {31},
	number = {3},
	doi = {10.1044/jshr.3103.307},
	url = {http://dx.doi.org/10.1044/jshr.3103.307},
	langid = {en}
}

@article{Shannon2004,
	title = {The number of spectral channels required for speech recognition depends on the difficulty of the listening situation},
	author = {{Shannon}, {Robert} and {Fu}, {Qian-Jie} and {Galvin Iii}, {John}},
	year = {2004},
	month = {04},
	date = {2004-04-01},
	journal = {Acta Oto-Laryngologica},
	pages = {50--54},
	volume = {124},
	number = {0},
	doi = {10.1080/03655230410017562},
	url = {http://dx.doi.org/10.1080/03655230410017562}
}

@article{Shannon1995,
	title = {Speech Recognition with Primarily Temporal Cues},
	author = {{Shannon}, {R. V.} and {Zeng}, {F.-G.} and {Kamath}, {V.} and {Wygonski}, {J.} and {Ekelid}, {M.}},
	year = {1995},
	month = {10},
	date = {1995-10-13},
	journal = {Science},
	pages = {303--304},
	volume = {270},
	number = {5234},
	doi = {10.1126/science.270.5234.303},
	url = {http://dx.doi.org/10.1126/science.270.5234.303},
	langid = {en}
}

@article{Samuel2009,
	title = {Perceptual learning for speech},
	author = {{Samuel}, {Arthur G.} and {Kraljic}, {Tanya}},
	year = {2009},
	month = {08},
	date = {2009-08},
	journal = {Attention, Perception, \& Psychophysics},
	pages = {1207--1218},
	volume = {71},
	number = {6},
	doi = {10.3758/app.71.6.1207},
	url = {http://dx.doi.org/10.3758/APP.71.6.1207},
	langid = {en}
}

@article{Shannon1998,
	title = {Speech recognition with altered spectral distribution of envelope cues},
	author = {{Shannon}, {R. V.} and {Zeng}, {V.} and {Wygonski}, {J.}},
	year = {1998},
	journal = {The Journal of the Acoustical Society of America},
	pages = {2467--2476},
	volume = {104},
	number = {4},
	doi = {10.1121/1.423774},
	url = {http://doi.org/10.1121/1.423774},
	langid = {en}
}

@article{Shannon2004,
  author = {{Shannon}, {Robert V.} and {Fu}, {Qian-Jie} and {Galvin Iii}, {John}},
  doi = {10.1080/03655230410017562},
  isbn = {0365-5237 (Print)},
  issn = {0001-6489},
  journal = {Acta Oto-Laryngologica},
  number = {0},
  pages = {50--54},
  pmid = {15219048},
  title = {{The number of spectral channels required for speech recognition depends on the difficulty of the   listening situation}},
  url = {http://journalsonline.tandf.co.uk/Index/10.1080/03655230410017562},
  volume = {124},
  year = {2004}
}


@article{Sheldon2008a,
	title = {Priming and sentence context support listening to noise-vocoded speech by younger and older adults},
	author = {{Sheldon}, {Signy} and {Pichora-Fuller}, {M. Kathleen} and {Schneider}, {Bruce A.}},
	year = {2008},
	month = {02},
	date = {2008-02},
	journal = {The Journal of the Acoustical Society of America},
	pages = {489--499},
	volume = {123},
	number = {1},
	doi = {10.1121/1.2783762},
	url = {http://dx.doi.org/10.1121/1.2783762},
	langid = {en}
}

@article{Sheldon2008b,
	title = {Effect of age, presentation method, and learning on identification of noise-vocoded words},
	author = {{Sheldon}, {Signy} and {Pichora-Fuller}, {M. Kathleen} and {Schneider}, {Bruce A.}},
	year = {2008},
	month = {10},
	date = {2008-10},
	journal = {The Journal of the Acoustical Society of America},
	pages = {476--488},
	volume = {123},
	number = {1},
	doi = {10.1121/1.2805676},
	url = {http://dx.doi.org/10.1121/1.2805676},
	langid = {en}
}

@article{Sommers1994,
	title = {Stimulus variability and spoken word recognition. I. Effects of variability in speaking rate and overall amplitude},
	author = {{Sommers}, {Mitchell S.} and {Nygaard}, {Lynne C.} and {Pisoni}, {David B.}},
	year = {1994},
	month = {09},
	date = {1994-09},
	journal = {The Journal of the Acoustical Society of America},
	pages = {1314--1324},
	volume = {96},
	number = {3},
	doi = {10.1121/1.411453},
	url = {http://dx.doi.org/10.1121/1.411453},
	langid = {en}
}

@article{Strauss2013,
	title = {Narrowed Expectancies under Degraded Speech: Revisiting the N400},
	author = {{StrauÃ}, {Antje} and {Kotz}, {Sonja A.} and {Obleser}, {Jonas}},
	year = {2013},
	month = {08},
	date = {2013-08},
	journal = {Journal of Cognitive Neuroscience},
	pages = {1383--1395},
	volume = {25},
	number = {8},
	doi = {10.1162/jocn_a_00389},
	url = {http://dx.doi.org/10.1162/jocn_a_00389},
	langid = {en}
}

@article{Staub2015,
	title = {The Effect of Lexical Predictability on Eye Movements in Reading: Critical Review and Theoretical Interpretation},
	author = {{Staub}, {Adrian}},
	year = {2015},
	month = {08},
	date = {2015-08},
	journal = {Language and Linguistics Compass},
	pages = {311--327},
	volume = {9},
	number = {8},
	doi = {10.1111/lnc3.12151},
	url = {http://dx.doi.org/10.1111/lnc3.12151},
	langid = {en}
}

@article{Terporten2019,
	title = {The Relation between Alpha/Beta Oscillations and the Encoding of Sentence induced Contextual Information},
	author = {{Terporten}, {RenÃ©} and {Schoffelen}, {Jan-Mathijs} and {Dai}, {Bohan} and {Hagoort}, {Peter} and {KÃ¶sem}, {Anne}},
	year = {2019},
	month = {12},
	date = {2019-12},
	journal = {Scientific Reports},
	volume = {9},
	number = {1},
	doi = {10.1038/s41598-019-56600-x},
	url = {http://dx.doi.org/10.1038/s41598-019-56600-x},
	langid = {en}
}

@article{Vaden2015b,
	title = {Cingulo-Opercular Function During Word Recognition in Noise for Older Adults with Hearing Loss},
	author = {{Vaden}, {Kenneth I.} and {Kuchinsky}, {Stefanie E.} and {Ahlstrom}, {Jayne B.} and {Teubner-Rhodes}, {Susan E.} and {Dubno}, {Judy R.} and {Eckert}, {Mark A.}},
	year = {2015},
	month = {12},
	date = {2015-12-18},
	journal = {Experimental Aging Research},
	pages = {67--82},
	volume = {42},
	number = {1},
	doi = {10.1080/0361073x.2016.1108784},
	url = {http://dx.doi.org/10.1080/0361073X.2016.1108784},
	langid = {en}
}

@article{Vaden2015a,
  author = {{Vaden}, {Kenneth I.} and {Kuchinsky}, {Stefanie E.} and {Ahlstrom}, {Jayne B.} and {Dubno}, {Judy R.} and {Eckert}, {Mark A.}},
  doi = {10.1523/JNEUROSCI.2908-14.2015},
  issn = {15292401},
  journal = {Journal of Neuroscience},
  keywords = {Aging,Attention,Audition,Control,Perception,Speech},
  number = {9},
  pages = {3929--3937},
  pmid = {25740521},
  title = {{Cortical activity predicts which older adults recognize speech in noise and when}},
  volume = {35},
  year = {2015}
}


@article{Vaden2013,
  author = {{Vaden}, {Kenneth I.} and {Kuchinsky}, {Stefanie E.} and {Cute}, {Stephanie L.} and {Ahlstrom}, {Jayne B.} and {Dubno}, {Judy R.} and {Eckert}, {Mark A.}},
  doi = {10.1523/JNEUROSCI.1417-13.2013},
  issn = {15292401},
  journal = {Journal of Neuroscience},
  number = {48},
  pages = {18979--18986},
  title = {{The cingulo-opercular network provides word-recognition benefit}},
  volume = {33},
  year = {2013}
}


@article{Wingfield2006,
	title = {Effects of Adult Aging and Hearing Loss on Comprehension of Rapid Speech Varying in Syntactic Complexity},
	author = {{Wingfield}, {Arthur} and {McCoy}, {Sandra L.} and {Peelle}, {Jonathan E.} and {Tun}, {Patricia A.} and {Cox}, {Clarke L.}},
	year = {2006},
	month = {07},
	date = {2006-07},
	journal = {Journal of the American Academy of Audiology},
	pages = {487--497},
	volume = {17},
	number = {07},
	doi = {10.3766/jaaa.17.7.4},
	url = {http://dx.doi.org/10.3766/jaaa.17.7.4},
	langid = {en}
}


@phdthesis{Erb2014,
author = {Erb, Julia},
booktitle = {SciencesMPI Series in Human Cognitive and Brain Sciences},
isbn = {9783941504431},
mendeley-groups = {002{\_}Theses},
pages = {211},
school = {Universit{\"{a}}t Leipzig},
title = {{The neural dynamics of perceptual adaptation to degraded speech}},
type = {Doctoral dissertation},
year = {2014}
}


@article{Xia2018,
	title = {Effects of reverberation and noise on speech intelligibility in normal-hearing and aided hearing-impaired listeners},
	author = {{Xia}, {Jing} and {Xu}, {Buye} and {Pentony}, {Shareka} and {Xu}, {Jingjing} and {Swaminathan}, {Jayaganesh}},
	year = {2018},
	month = {03},
	date = {2018-03},
	journal = {The Journal of the Acoustical Society of America},
	pages = {1523--1533},
	volume = {143},
	number = {3},
	doi = {10.1121/1.5026788},
	url = {http://dx.doi.org/10.1121/1.5026788},
	langid = {en}
}

@article{Wlotko2012,
	title = {Age-related changes in the impact of contextual strength on multiple aspects of sentence comprehension},
	author = {{Wlotko}, {Edward W.} and {Federmeier}, {Kara D.}},
	year = {2012},
	month = {04},
	date = {2012-04-03},
	journal = {Psychophysiology},
	pages = {770--785},
	volume = {49},
	number = {6},
	doi = {10.1111/j.1469-8986.2012.01366.x},
	url = {http://dx.doi.org/10.1111/j.1469-8986.2012.01366.x},
	langid = {en}
}

@article{Stadler2012,
	title = {Repetitive TMS Suggests a Role of the Human Dorsal Premotor Cortex in Action Prediction},
	author = {{Stadler}, {Waltraud} and {Ott}, {Derek V. M.} and {Springer}, {Anne} and {Schubotz}, {Ricarda I.} and {SchÃ¼tz-Bosbach}, {Simone} and {Prinz}, {Wolfgang}},
	year = {2012},
	date = {2012},
	journal = {Frontiers in Human Neuroscience},
	volume = {6},
	doi = {10.3389/fnhum.2012.00020},
	url = {http://dx.doi.org/10.3389/fnhum.2012.00020}
}

@article{Marques2018,
	title = {The functional organization of cortical feedback inputs to primary visual cortex},
	author = {{Marques}, {Tiago} and {Nguyen}, {Julia} and {Fioreze}, {Gabriela} and {Petreanu}, {Leopoldo}},
	year = {2018},
	month = {04},
	date = {2018-04-16},
	journal = {Nature Neuroscience},
	pages = {757--764},
	volume = {21},
	number = {5},
	doi = {10.1038/s41593-018-0135-z},
	url = {http://dx.doi.org/10.1038/s41593-018-0135-z},
	langid = {en}
}

@article{Seth2013,
	title = {Interoceptive inference, emotion, and the embodied self},
	author = {{Seth}, {Anil K.}},
	year = {2013},
	month = {11},
	date = {2013-11},
	journal = {Trends in Cognitive Sciences},
	pages = {565--573},
	volume = {17},
	number = {11},
	doi = {10.1016/j.tics.2013.09.007},
	url = {http://dx.doi.org/10.1016/j.tics.2013.09.007},
	langid = {en}
}

@article{Clark2013,
	title = {Whatever next? Predictive brains, situated agents, and the future of cognitive science},
	author = {{Clark}, {Andy}},
	year = {2013},
	month = {05},
	date = {2013-05-10},
	journal = {Behavioral and Brain Sciences},
	pages = {181--204},
	volume = {36},
	number = {3},
	doi = {10.1017/s0140525x12000477},
	url = {http://dx.doi.org/10.1017/s0140525x12000477},
	langid = {en}
}

@article{Corps2020,
	title = {How top-down processing enhances comprehension of noise-vocoded speech: Predictions about meaning are more important than predictions about form},
	author = {{Corps}, {Ruth E.} and {Rabagliati}, {Hugh}},
	year = {2020},
	month = {08},
	date = {2020-08},
	journal = {Journal of Memory and Language},
	pages = {104114},
	volume = {113},
	doi = {10.1016/j.jml.2020.104114},
	url = {http://dx.doi.org/10.1016/j.jml.2020.104114},
	langid = {en}
}

@article{Fontan2015,
	title = {Relationship Between Speech Intelligibility and Speech Comprehension in Babble Noise},
	author = {{Fontan}, {Lionel} and {Tardieu}, {Julien} and {Gaillard}, {Pascal} and {Woisard}, {Virginie} and {Ruiz}, {Robert}},
	year = {2015},
	month = {06},
	date = {2015-06},
	journal = {Journal of Speech, Language, and Hearing Research},
	pages = {977--986},
	volume = {58},
	number = {3},
	doi = {10.1044/2015_jslhr-h-13-0335},
	url = {http://dx.doi.org/10.1044/2015_JSLHR-H-13-0335},
	langid = {en}
}

@article{Kutas1984,
	title = {Brain potentials during reading reflect word expectancy and semantic association},
	author = {{Kutas}, {Marta} and {Hillyard}, {Steven A.}},
	year = {1984},
	month = {01},
	date = {1984-01},
	journal = {Nature},
	pages = {161--163},
	volume = {307},
	number = {5947},
	doi = {10.1038/307161a0},
	url = {http://dx.doi.org/10.1038/307161a0},
	langid = {en}
}

@article{Garrido2011,
	title = {Surprise Leads to Noisier Perceptual Decisions},
	author = {{Garrido}, {Marta I} and {Dolan}, {Raymond J} and {Sahani}, {Maneesh}},
	year = {2011},
	month = {01},
	date = {2011-01},
	journal = {i-Perception},
	pages = {112--120},
	volume = {2},
	number = {2},
	doi = {10.1068/i0411},
	url = {http://dx.doi.org/10.1068/i0411},
	langid = {en}
}

@article{Ehrlich1981,
  author = {{Ehrlich}, {Susan F.} and {Rayner}, {Keith}},
  doi = {10.1016/S0022-5371(81)90220-6},
  isbn = {0606411550},
  issn = {00225371},
  journal = {Journal of Verbal Learning and Verbal Behavior},
  number = {6},
  pages = {641--655},
  title = {{Contextual effects on word perception and eye movements during reading}},
  volume = {20},
  year = {1981}
}

@article{Staub2011,
  author = {{Staub}, {Adrian}},
  doi = {10.3758/s13423-010-0046-9},
  issn = {10699384},
  journal = {Psychonomic Bulletin and Review},
  number = {2},
  pages = {371--376},
  pmid = {21327339},
  title = {{The effect of lexical predictability on distributions of eye fixation durations}},
  volume = {18},
  year = {2011}
}

@article{Frisson2005,
  author = {{Frisson}, {Steven} and {Rayner}, {Keith} and {Pickering}, {Martin J.}},
  doi = {10.1037/0278-7393.31.5.862},
  issn = {02787393},
  journal = {Journal of Experimental Psychology: Learning Memory and Cognition},
  keywords = {Contextual predictability,Eye-tracking,Transitional probability},
  number = {5},
  pages = {862--877},
  pmid = {16248738},
  title = {{Effects of contextual predictability and transitional probability on eye movements during reading}},
  volume = {31},
  year = {2005}
}

@article{Clark2021,
author = {{Clark}, {Catherine} and {Guediche}, {Sara} and {Lallier}, {Marie}},
doi = {10.1007/s11145-021-10132-x},
file = {:Users/pratikbhandari/Documents/mendeley/Clark, Guediche, Lallier{\_}2021{\_}Compensatory cross-modal effects of sentence context on visual word recognition in adults.pdf:pdf},
isbn = {1114502110132},
issn = {15730905},
journal = {Reading and Writing},
keywords = {Auditory sentence context,Crowding,Lexical decision,Orthographic processing,Word recognition},
mendeley-groups = {00-Manuscript/diss},
number = {8},
pages = {2011--2029},
publisher = {Springer Netherlands},
title = {{Compensatory cross-modal effects of sentence context on visual word recognition in adults}},
url = {https://doi.org/10.1007/s11145-021-10132-x},
volume = {34},
year = {2021}
}

@article{Faulkner2012,
author = {{Faulkner}, {Andrew} and {Rosen}, {Stuart} and {Green}, {Tim}},
doi = {10.1121/1.4754432},
file = {:Users/pratikbhandari/Documents/mendeley/Faulkner, Rosen, Green{\_}2012{\_}Comparing live to recorded speech in training the perception of spectrally shifted noise-vocoded speech.pdf:pdf},
issn = {0001-4966},
journal = {The Journal of the Acoustical Society of America},
mendeley-groups = {00-Manuscript/diss},
number = {4},
pages = {EL336--EL342},
pmid = {23039574},
title = {{Comparing live to recorded speech in training the perception of spectrally shifted noise-vocoded speech}},
volume = {132},
year = {2012}
}

@article{Verhelst1993,
author = {{Verhelst}, {Werner} and {Roelands}, {Marc}},
doi = {10.1109/icassp.1993.319366},
file = {:Users/pratikbhandari/Documents/mendeley/Verhelst, Roelands{\_}1993{\_}Overlap-add technique based on waveform similarity (WSOLA) for high quality time-scale modification of speech.pdf:pdf},
isbn = {0780309464},
issn = {07367791},
journal = {Proceedings - ICASSP, IEEE International Conference on Acoustics, Speech and Signal Processing},
mendeley-groups = {00-Manuscript/diss/Manuscript-03: Time / Speech rate},
number = {1},
pages = {2--5},
title = {{Overlap-add technique based on waveform similarity (WSOLA) for high quality time-scale modification of speech}},
volume = {2},
year = {1993}
}

@article{Atienza2002,
  author = {{Atienza}, {Mercedes} and {Cantero}, {Jose L.} and {Dominguez-Marin}, {Elena}},
  doi = {10.1101/lm.46502},
  issn = {10720502},
  journal = {Learning and Memory},
  number = {3},
  pages = {138--150},
  pmid = {12075002},
  title = {{The time course of neural changes underlying   auditory perceptual learning}},
  volume = {9},
  year = {2002}
}

@article{Guediche2014,
  author = {{Guediche}, {Sara} and {Blumstein}, {Sheila E.} and {Fiez},   {Julie A.} and {Holt}, {Lori L.}},
  doi = {10.3389/fnsys.2013.00126},
  issn = {16625137},
  journal = {Frontiers in Systems Neuroscience},
  keywords = {Cerebellum,Language,Perceptual learning,Plasticity  ,Prediction error signals,Speech perception,Supervised   learning},
  number = {Jan},
  pages = {1--16},
  title = {{Speech perception under adverse conditions: Insights   from behavioral, computational, and neuroscience research}},
  volume = {7},
year = {2014}
}

@article{Whitmire2016,
  author = {{Whitmire}, {Clarissa J.} and {Stanley}, {Garrett B.}},
  doi = {10.1016/j.neuron.2016.09.046},
  issn = {10974199},
  journal = {Neuron},
  number = {2},
  pages = {298--315},
  pmid = {27764664},
  publisher = {Elsevier Inc.},
  title = {{Rapid Sensory Adaptation Redux: A Circuit Perspective}},
  url = {http://dx.doi.org/10.1016/j.neuron.2016.09.046},
  volume = {92},
  year = {2016}
}


@article{Adams2009,
author = {Adams, Elizabeth M. and Moore, Robert E.},
doi = {10.3766/jaaa.20.1.3},
issn = {10500545},
journal = {Journal of the American Academy of Audiology},
number = {1},
pages = {28--39},
pmid = {19927680},
title = {{Effects of speech rate, background noise, and simulated hearing loss on speech rate judgment and speech intelligibility in young listeners}},
volume = {20},
year = {2009}
}

@article{Adams2012,
author = {Adams, Elizabeth M. and Gordon-Hickey, Susan and Morlas, Holly and Moore, Robert},
doi = {10.1044/1059-0889(2011/10-0023)},
issn = {10590889},
journal = {American Journal of Audiology},
number = {1},
pages = {22--32},
pmid = {22223091},
title = {{Effect of rate-alteration on speech perception in noise in older adults with normal hearing and hearing impairment}},
volume = {21},
year = {2012}
}


@article{Aydelott2004,
author = {Aydelott, Jennifer and Bates, Elizabeth},
doi = {10.1080/01690960344000099},
issn = {01690965},
journal = {Language and Cognitive Processes},
number = {1},
pages = {29--56},
title = {{Effects of acoustic distortion and semantic context on lexical access}},
volume = {19},
year = {2004}
}

@phdthesis{Cole2020,
author = {Cole, Alissa},
pages = {35},
school = {University of Maryland},
title = {{The effects of prediction and speech rate on lexical processing}},
type = {Masters thesis},
year = {2020}
}

@article{Cooke2014,
author = {Cooke, Martin and King, Simon and Garnier, Ma{\"{e}}va and Aubanel, Vincent},
doi = {10.1016/j.csl.2013.08.003},
issn = {10958363},
journal = {Computer Speech and Language},
keywords = {Modification algorithms,Speech production},
number = {2},
pages = {543--571},
publisher = {Elsevier Ltd},
title = {{The listening talker: A review of human and algorithmic context-induced modifications of speech}},
url = {http://dx.doi.org/10.1016/j.csl.2013.08.003},
volume = {28},
year = {2014}
}

@article{Dincer2018,
author = {{Dincer D'Alessandro}, Hilal and Boyle, Patrick J. and Ballantyne, Deborah and {De Vincentiis}, Marco and Mancini, Patrizia},
doi = {10.1080/14992027.2018.1498139},
issn = {17088186},
journal = {International Journal of Audiology},
keywords = {Speech audiometry,cochlear implants,speech perception in noise,speech rate,speech reception threshold (SRT)},
number = {11},
pages = {851--857},
pmid = {30178699},
publisher = {Taylor {\&} Francis},
title = {{The role of speech rate for Italian-speaking cochlear implant users: insights for everyday speech perception}},
url = {https://doi.org/10.1080/14992027.2018.1498139},
volume = {57},
year = {2018}
}

@article{Fairbanks1957,
author = {Fairbanks, Grant and {Kodman Jr.}, Frank},
journal = {The Journal of the Acoustical Society of America},
number = {5},
pages = {636--641},
title = {{Word intelligibility as a function of time compression}},
volume = {29},
year = {1957}
}

@article{Gordonsalant2004,
author = {Gordon-Salant, Sandra and Fitzgibbons, Peter J.},
doi = {10.1121/1.1645249},
issn = {0001-4966},
journal = {The Journal of the Acoustical Society of America},
number = {4},
pages = {1808--1817},
pmid = {15101658},
title = {{Effects of stimulus and noise rate variability on speech perception by younger and older adults}},
volume = {115},
year = {2004}
}

@article{Gordonsalant1995,
author = {Gordon-Salant, Sandra and Fitzgibbons, Peter J.},
issn = {00224685},
journal = {Journal of Speech and Hearing Research},
keywords = {aging,noise,reverberation,speech recognition,time compression},
number = {5},
pages = {1150--1156},
title = {{Recognition of multiply degraded speech by young and elderly listeners}},
volume = {38},
year = {1995}
}

@article{Goy2013,
author = {Goy, Huiwen and Pelletier, Marianne and Coletta, Marco and Pichora-Fuller, M. Kathleen},
doi = {10.1044/1092-4388(2013/12-0053)},
issn = {1092-4388},
journal = {Journal of Speech, Language, and Hearing Research},
keywords = {aging,context,facilitation,lexical decision,low-pass filtering,multitalker babble,time compression},
number = {6},
pages = {1715--1732},
title = {{The Effects of Semantic Context and the Type and Amount of Acoustic Distortion on Lexical Decision by Younger and Older Adults}},
volume = {56},
year = {2013}
}

@article{Harris1960,
author = {Harris, Donald J.},
journal = {Archives of Otolaryngology},
number = {2},
pages = {227--232},
title = {{Combinations of distortion in speech}},
volume = {72},
year = {1960}
}


@article{Iwasaki2002,
author = {Iwasaki, Satoshi and Ocho, Shuji and Nagura, Mitsuyoshi and Hoshino, Tomoyuki},
doi = {10.1177/000348940211100811},
issn = {00034894},
journal = {Annals of Otology, Rhinology and Laryngology},
keywords = {Cochlear implant,Speech perception,Speech rate},
number = {8},
pages = {718--721},
title = {{Contribution of speech rate to speech perception in multichannel cochlear implant users}},
volume = {111},
year = {2002}
}

@article{Adank2009,
author = {Adank, Patti and Janse, Esther},
doi = {10.1121/1.3216914},
issn = {0001-4966},
journal = {The Journal of the Acoustical Society of America},
number = {5},
pages = {2649--2659},
pmid = {19894842},
title = {{Perceptual learning of time-compressed and natural fast speech}},
volume = {126},
year = {2009}
}

@article{Janse2009,
author = {Janse, Esther},
doi = {10.1121/1.3082117},
issn = {0001-4966},
journal = {The Journal of the Acoustical Society of America},
number = {4},
pages = {2361--2373},
pmid = {19354410},
title = {{Processing of fast speech by elderly listeners}},
volume = {125},
year = {2009}
}

@article{Kemper1999,
author = {Kemper, Susan and Harden, Tamara},
doi = {10.1037/0882-7974.14.4.656},
issn = {08827974},
journal = {Psychology and Aging},
number = {4},
pages = {656--670},
pmid = {10632152},
title = {{Experimentally disentangling what's beneficial about elderspeak from what's not}},
volume = {14},
year = {1999}
}

@article{Koch2016a,
author = {Koch, Xaver and Janse, Esther},
doi = {10.1121/1.4944032},
issn = {0001-4966},
journal = {The Journal of the Acoustical Society of America},
number = {4},
pages = {1618--1636},
pmid = {27106310},
title = {{Speech rate effects on the processing of conversational speech across the adult life span}},
url = {http://dx.doi.org/10.1121/1.4944032},
volume = {139},
year = {2016}
}

@article{Krause2004,
author = {Krause, Jean C. and Braida, Louis D.},
doi = {10.1121/1.1635842},
issn = {0001-4966},
journal = {The Journal of the Acoustical Society of America},
number = {1},
pages = {362--378},
pmid = {14759028},
title = {{Acoustic properties of naturally produced clear speech at normal speaking rates}},
volume = {115},
year = {2004}
}

@article{Liu2006,
author = {Liu, Sheng and Zeng, Fan-Gang},
doi = {10.1121/1.2208427},
issn = {0001-4966},
journal = {The Journal of the Acoustical Society of America},
number = {1},
pages = {424--432},
pmid = {16875238},
title = {{Temporal properties in clear speech perception}},
volume = {120},
year = {2006}
}

@article{Love2009,
author = {Love, Tracy and Walenski, Matthew and Swinney, David},
doi = {10.1007/s10936-009-9103-9},
issn = {00906905},
journal = {Journal of Psycholinguistic Research},
number = {3},
pages = {285--304},
pmid = {19343495},
title = {{Slowed speech input has a differential impact on on-line and off-line processing in children's comprehension of pronouns}},
volume = {38},
year = {2009}
}

Ã@article{Martin1956,
author = {Martin, D. W. and Murphy, R. L. and Meyer, Albert},
doi = {10.1121/1.1918111},
issn = {0001-4966},
journal = {The Journal of the Acoustical Society of America},
number = {4},
pages = {597--601},
title = {{Articulation reduction by combined distortions of speech waves}},
volume = {28},
year = {1956}
}

@article{Meng2019,
author = {Meng, Qinglin and Wang, Xianren and Cai, Yuexin and Kong, Fanhui and Buck, Alexa Nadezhda and Yu, Guangzheng and Zheng, Nengheng and Schnupp, Jan W.H.},
doi = {10.1016/j.heares.2019.01.011},
issn = {18785891},
journal = {Hearing Research},
pages = {58--68},
publisher = {Elsevier B.V},
title = {{Time-compression thresholds for Mandarin sentences in normal-hearing and cochlear implant listeners}},
url = {https://doi.org/10.1016/j.heares.2019.01.011},
volume = {374},
year = {2019}
}

@article{Mueller2019,
author = {M{\"{u}}ller, Jana Annina and Wendt, Dorothea and Kollmeier, Birger and Debener, Stefan and Brand, Thomas},
doi = {10.3389/fpsyg.2019.00449},
issn = {16641078},
journal = {Frontiers in Psychology},
title = {{Effect of speech rate on neural tracking of speech}},
volume = {10},
year = {2019}
}

@article{Nejime1998,
author = {Nejime, Yoshito and Moore, Brian C. J.},
doi = {10.1121/1.421123},
issn = {0001-4966},
journal = {The Journal of the Acoustical Society of America},
number = {1},
pages = {572--576},
pmid = {9440342},
title = {{Evaluation of the effect of speech-rate slowing on speech intelligibility in noise using a simulation of cochlear hearing loss}},
volume = {103},
year = {1998}
}


@article{Oostdijk2000,
author = {Oostdijk, Nelleke},
journal = {2nd International Conference on Language Resources and Evaluation, LREC 2000},
number = {January 2000},
title = {{The spoken Dutch corpus: Overview and first evaluation}},
year = {2000}
}


@article{Peelle2005,
  author = {Peelle, Jonathan E. and Wingfield, Arthur},
  doi = {10.1037/0096-1523.31.6.1315},
  issn = {00961523},
  journal = {Journal of Experimental Psychology: Human Perception and Performance},
  number = {6},
  pages = {1315--1330},
  pmid = {16366792},
  title = {{Dissociations in perceptual learning revealed by adult age differences in adaptation to time-compressed speech}},
  volume = {31},
  year = {2005}
}

@article{Rodero2016,
author = {Rodero, Emma},
doi = {10.1080/15213269.2014.1002942},
issn = {15213269},
journal = {Media Psychology},
number = {2},
pages = {224--242},
title = {{Influence of speech rate and information density on recognition: The moderate dynamic mechanism}},
volume = {19},
year = {2016}
}

@article{Roennberg2013,
author = {R{\"{o}}nnberg, Jerker and Lunner, Thomas and Zekveld, Adriana and S{\"{o}}rqvist, Patrik and Danielsson, Henrik and Lyxell, Bj{\"{o}}rn and Dahlstr{\"{o}}m, {\"{O}}rjan and Signoret, Carine and Stenfelt, Stefan and Pichora-Fuller, M. Kathleen and Rudner, Mary},
doi = {10.3389/fnsys.2013.00031},
issn = {16625137},
journal = {Frontiers in Systems Neuroscience},
number = {JUNE},
pages = {1--17},
pmid = {23874273},
title = {{The Ease of Language Understanding (ELU) model: Theoretical, empirical, and clinical advances}},
volume = {7},
number = {31},
year = {2013}
}

@article{Schlueter2014,
author = {Schlueter, Anne and Lemke, Ulrike and Kollmeier, Birger and Holube, Inga},
doi = {10.1121/1.4863654},
issn = {0001-4966},
journal = {The Journal of the Acoustical Society of America},
number = {3},
pages = {1541--1555},
pmid = {24606289},
title = {{Intelligibility of time-compressed speech: The effect of uniform versus non-uniform time-compression algorithms}},
volume = {135},
year = {2014}
}

@article{Sharit2003,
author = {Sharit, Joseph and Czaja, Sara J. and Nair, Sankaran and Lee, Chin Chin},
doi = {10.1518/hfes.45.2.234.27245},
issn = {00187208},
journal = {Human Factors},
number = {2},
pages = {234--251},
pmid = {14529196},
title = {{Effects of age, speech rate, and environmental support in using telephone voice menu systems}},
volume = {45},
year = {2003}
}

@article{Simantiraki2020,
author = {Simantiraki, Olympia and Cooke, Martin},
doi = {10.21437/Interspeech.2020-1832},
issn = {19909772},
journal = {INTERSPEECH},
pages = {1346--1350},
title = {{Exploring listeners' speech rate preferences}},
year = {2020}
}

@article{Tun1998,
author = {Tun, Patricia A.},
doi = {10.1037/0882-7974.13.3.424},
issn = {08827974},
journal = {Psychology and Aging},
number = {3},
pages = {424--434},
pmid = {9793118},
title = {{Fast noisy speech: Age differences in processing rapid speech with background noise}},
volume = {13},
year = {1998}
}

@article{Vagharchakian2012,
author = {Vagharchakian, Laurianne and Dehaene-Lambertz, Ghislaine and Pallier, Christophe and Dehaene, Stanislas},
doi = {10.1523/JNEUROSCI.5685-11.2012},
issn = {02706474},
journal = {Journal of Neuroscience},
number = {26},
pages = {9089--9102},
pmid = {22745508},
title = {{A temporal bottleneck in the language comprehension network}},
volume = {32},
year = {2012}
}

@article{Wild2012,
author = {Wild, Conor J. and Yusuf, Afiqah and Wilson, Daryl E. and Peelle, Jonathan E. and Davis, Matthew H. and Johnsrude, Ingrid S.},
doi = {10.1523/JNEUROSCI.1528-12.2012},
issn = {02706474},
journal = {Journal of Neuroscience},
number = {40},
pages = {14010--14021},
title = {{Effortful listening: The processing of degraded speech depends critically on attention}},
volume = {32},
year = {2012}
}

@article{Winn2021b,
author = {Winn, Matthew B. and Teece, Katherine H.},
doi = {10.1097/aud.0000000000000958},
isbn = {0000000000000},
issn = {0196-0202},
journal = {Ear and Hearing},
number = {3},
pages = {584},
title = {{Slower speaking rate reduces listening effort among listeners with cochlear implants}},
volume = {42},
year = {2021}
}

@article{Wlotko2015,
  author = {Wlotko, Edward W. and Federmeier, Kara D.},
  doi = {10.1016/j.cortex.2015.03.014},
  issn = {19738102},
  journal = {Cortex},
  pages = {20--32},
  title = {{Time for prediction? The effect of presentation rate on predictive sentence comprehension during word-by-word reading}},
  volume = {68},
  year = {2015}
}

@article{vanOs2021,
author = {van Os, Marjolein and Kray, Jutta and Demberg, Vera},
issn = {1069-7977},
journal = {Proceedings of the Annual Meeting of the Cognitive Science Society},
number = {43},
pages = {2943--2949},
title = {{Recognition of minipairs in (un)predictive sentence contexts in two types of noise}},
volume = {43},
year = {2021}
}

@article{Su2016,
author = {Su, Qiaotong and Galvin, John J. and Zhang, Guoping and Li, Yongxin and Fu, Qian Jie},
doi = {10.1177/2331216516654022},
issn = {23312165},
journal = {Trends in Hearing},
pages = {1--16},
pmid = {27363714},
title = {{Effects of within-talker variability on speech intelligibility in Mandarin-speaking adult and pediatric cochlear implant patients}},
volume = {20},
year = {2016}
}

@article{Li2011,
author = {Li, Yongxin and Zhang, Guoping and Kang, Hou-yong and Liu, Sha and Han, Deming and Fu, Qian-Jie},
doi = {10.1121/1.3582148},
issn = {0001-4966},
journal = {The Journal of the Acoustical Society of America},
number = {6},
pages = {EL242--EL247},
pmid = {21682359},
title = {{Effects of speaking style on speech intelligibility for Mandarin-speaking cochlear implant users}},
volume = {129},
year = {2011}
}


@article{Lerner2014a,
author = {Lerner, Y. and Honey, C. J. and Katkov, M. and Hasson, U.},
doi = {10.1152/jn.00497.2013},
issn = {15221598},
journal = {Journal of Neurophysiology},
number = {12},
pages = {2433--2444},
pmid = {24647432},
title = {{Temporal scaling of neural responses to compressed and dilated natural speech}},
volume = {111},
year = {2014}
}

@article{Mishra2012,
author = {Mishra, Ramesh K and Singh, Niharika and Pandey, Aparna and Huettig, Falk},
doi = {10.16910/jemr.5.1.3},
issn = {19958692},
journal = {Journal of Eye Movement Research},
number = {1},
pages = {1--10},
title = {{Spoken language-mediated anticipatory eye- movements are modulated by reading ability - Evidence from Indian low and high literates}},
volume = {5},
year = {2012}
}

@article{Federmeier2010,
author = {Federmeier, Kara D. and Kutas, Marta and Schul, Rina},
doi = {10.1016/j.bandl.2010.07.006},
issn = {0093934X},
journal = {Brain and Language},
number = {3},
pages = {149--161},
publisher = {Elsevier Inc.},
title = {{Age-related and individual differences in the use of prediction during language comprehension}},
url = {http://dx.doi.org/10.1016/j.bandl.2010.07.006},
volume = {115},
year = {2010}
}

@article{Nieuwland2020a,
author = {Nieuwland, Mante S. and Barr, Dale J. and Bartolozzi, Federica and Busch-Moreno, Simon and Darley, Emily and Donaldson, David I. and Ferguson, Heather J. and Fu, Xiao and Heyselaar, Evelien and Huettig, Falk and Husband, E. Matthew and Ito, Aine and Kazanina, Nina and Kogan, Vita and Koh{\'{u}}t, Zdenko and Kulakova, Eugenia and M{\'{e}}zi{\`{e}}re, Diane and Politzer-Ahles, Stephen and Rousselet, Guillaume and Rueschemeyer, Shirley Ann and Segaert, Katrien and Tuomainen, Jyrki and {Von Grebmer Zu Wolfsthurn}, Sarah},
doi = {10.1098/rstb.2018.0522},
issn = {14712970},
journal = {Philosophical Transactions of the Royal Society B: Biological Sciences},
title = {{Dissociable effects of prediction and integration during language comprehension: Evidence from a largescale study using brain potentials}},
year = {2020}
}

@article{Friston2020,
author = {Friston, Karl J. and Parr, Thomas and Yufik, Yan and Sajid, Noor and Price, Catherine J. and Holmes, Emma and Square, Queen},
doi = {10.1016/j.neubiorev.2020.07.005},
journal = {Neuroscience {\&} Biobehavioral Reviews},
keywords = {Bayesian,Connectivity,Free energy,Hierarchical,Inference,Language,Message passing,Neuronal},
pages = {42--64},
title = {{Generative models, linguistic communication and active inference}},
url = {https://doi.org/10.1016/j.neubiorev.2020.07.005},
volume = {118},
year = {2020}
}

@article{Friston2020b,
author = {Friston, Karl J. and Sajid, Noor and Quiroga-Martinez, David Ricardo and Parr, Thomas and Price, Cathy J. and Holmes, Emma},
doi = {10.1016/j.heares.2020.107998},
issn = {03785955},
journal = {Hearing Research},
number = {xxxx},
pages = {107998},
publisher = {Elsevier B.V},
title = {{Active listening}},
url = {https://doi.org/10.1016/j.heares.2020.107998},
year = {2020}
}

@article{Huettig2019,
author = {Huettig, Falk and Guerra, Ernesto},
doi = {10.1016/j.brainres.2018.11.013},
issn = {18726240},
journal = {Brain Research},
number = {June 2017},
pages = {196--208},
publisher = {Elsevier B.V.},
title = {{Effects of speech rate, preview time of visual context, and participant instructions reveal strong limits on prediction in language processing}},
url = {https://doi.org/10.1016/j.brainres.2018.11.013},
volume = {1706},
year = {2019}
}

@article{Sanderson2008,
author = {Sanderson, Stephen K. and Roberts, Wesley W.},
doi = {10.1111/j.1548-1433.2008.00078.x},
issn = {00027294},
journal = {American Anthropologist},
number = {4},
pages = {454--466},
title = {{The evolutionary forms of the religious life: A cross-cultural, quantitative analysis}},
volume = {110},
year = {2008}
}

@article{Ebersole2016,
author = {Ebersole, Charles R. and Atherton, Olivia E. and Belanger, Aimee L. and Skulborstad, Hayley M. and Allen, Jill M. and Banks, Jonathan B. and Baranski, Erica and Bernstein, Michael J. and Bonfiglio, Diane B.V. and Boucher, Leanne and Brown, Elizabeth R. and Budiman, Nancy I. and Cairo, Athena H. and Capaldi, Colin A. and Chartier, Christopher R. and Chung, Joanne M. and Cicero, David C. and Coleman, Jennifer A. and Conway, John G. and Davis, William E. and Devos, Thierry and Fletcher, Melody M. and German, Komi and Grahe, Jon E. and Hermann, Anthony D. and Hicks, Joshua A. and Honeycutt, Nathan and Humphrey, Brandon and Janus, Matthew and Johnson, David J. and Joy-Gaba, Jennifer A. and Juzeler, Hannah and Keres, Ashley and Kinney, Diana and Kirshenbaum, Jacqeline and Klein, Richard A. and Lucas, Richard E. and Lustgraaf, Christopher J.N. and Martin, Daniel and Menon, Madhavi and Metzger, Mitchell and Moloney, Jaclyn M. and Morse, Patrick J. and Prislin, Radmila and Razza, Timothy and Re, Daniel E. and Rule, Nicholas O. and Sacco, Donald F. and Sauerberger, Kyle and Shrider, Emily and Shultz, Megan and Siemsen, Courtney and Sobocko, Karin and {Weylin Sternglanz}, R. and Summerville, Amy and Tskhay, Konstantin O. and van Allen, Zack and Vaughn, Leigh Ann and Walker, Ryan J. and Weinberg, Ashley and Wilson, John Paul and Wirth, James H. and Wortman, Jessica and Nosek, Brian A.},
doi = {10.1016/j.jesp.2015.10.012},
file = {:Users/pratikbhandari/Documents/mendeley/Ebersole et al.{\_}2016{\_}Journal of Experimental Social Psychology Many Labs 3 Evaluating participant pool quality across the academic se.pdf:pdf},
issn = {10960465},
journal = {Journal of Experimental Social Psychology},
keywords = {Cognitive psychology,Individual differences,Participant pool,Replication,Sampling effects,Situational effects,Social psychology},
pages = {68--82},
title = {{Many Labs 3: Evaluating participant pool quality across the academic semester via replication}},
volume = {67},
year = {2016}
}

@article{Cockburn2020,
author = {Cockburn, Andy and Dragicevic, Pierre and Besan{\c{c}}on, Lonni and Gutwin, Carl},
doi = {10.1145/3360311},
issn = {15577317},
journal = {Communications of the ACM},
number = {8},
pages = {70--79},
title = {{Threats of a replication crisis in empirical computer science}},
volume = {63},
year = {2020}
}

@article{OSC2015,
author = {Aarts, Alexander A. and Anderson, Joanna E. and Anderson, Christopher J. and Attridge, Peter R. and Attwood, Angela and Axt, Jordan and Babel, Molly and Bahn{\'{i}}k, {\v{S}}t{\v{e}}p{\'{a}}n and Baranski, Erica and Barnett-Cowan, Michael and Bartmess, Elizabeth and Beer, Jennifer and Bell, Raoul and Bentley, Heather and Beyan, Leah and Binion, Grace and Borsboom, Denny and Bosch, Annick and Bosco, Frank A. and Bowman, Sara D. and Brandt, Mark J. and Braswell, Erin and Brohmer, Hilmar and Brown, Benjamin T. and Brown, Kristina and Br{\"{u}}ning, Jovita and Calhoun-Sauls, Ann and Callahan, Shannon P. and Chagnon, Elizabeth and Chandler, Jesse and Chartier, Christopher R. and Cheung, Felix and Christopherson, Cody D. and Cillessen, Linda and Clay, Russ and Cleary, Hayley and Cloud, Mark D. and Conn, Michael and Cohoon, Johanna and Columbus, Simon and Cordes, Andreas and Costantini, Giulio and Alvarez, Leslie D.Cramblet and Cremata, Ed and Crusius, Jan and DeCoster, Jamie and DeGaetano, Michelle A. and Penna, Nicol{\'{a}}s Delia and {Den Bezemer}, Bobby and Deserno, Marie K. and Devitt, Olivia and Dewitte, Laura and Dobolyi, David G. and Dodson, Geneva T. and Donnellan, M. Brent and Donohue, Ryan and Dore, Rebecca A. and Dorrough, Angela and Dreber, Anna and Dugas, Michelle and Dunn, Elizabeth W. and Easey, Kayleigh and Eboigbe, Sylvia and Eggleston, Casey and Embley, Jo and Epskamp, Sacha and Errington, Timothy M. and Estel, Vivien and Farach, Frank J. and Feather, Jenelle and Fedor, Anna and Fern{\'{a}}ndez-Castilla, Bel{\'{e}}n and Fiedler, Susann and Field, James G. and Fitneva, Stanka A. and Flagan, Taru and Forest, Amanda L. and Forsell, Eskil and Foster, Joshua D. and Frank, Michael C. and Frazier, Rebecca S. and Fuchs, Heather and Gable, Philip and Galak, Jeff and Galliani, Elisa Maria and Gampa, Anup and Garcia, Sara and Gazarian, Douglas and Gilbert, Elizabeth and Giner-Sorolla, Roger and Gl{\"{o}}ckner, Andreas and Goellner, Lars and Goh, Jin X. and Goldberg, Rebecca and Goodbourn, Patrick T. and Gordon-McKeon, Shauna and Gorges, Bryan and Gorges, Jessie and Goss, Justin and Graham, Jesse and Grange, James A. and Gray, Jeremy and Hartgerink, Chris and Hartshorne, Joshua and Hasselman, Fred and Hayes, Timothy and Heikensten, Emma and Henninger, Felix and Hodsoll, John and Holubar, Taylor and Hoogendoorn, Gea and Humphries, Denise J. and Hung, Cathy O.Y. and Immelman, Nathali and Irsik, Vanessa C. and Jahn, Georg and J{\"{a}}kel, Frank and Jekel, Marc and Johannesson, Magnus and Johnson, Larissa G. and Johnson, David J. and Johnson, Kate M. and Johnston, William J. and Jonas, Kai and Joy-Gaba, Jennifer A. and Kappes, Heather Barry and Kelso, Kim and Kidwell, Mallory C. and Kim, Seung Kyung and Kirkhart, Matthew and Kleinberg, Bennett and Kne{\v{z}}evi{\'{c}}, Goran and Kolorz, Franziska Maria and Kossakowski, Jolanda J. and Krause, Robert Wilhelm and Krijnen, Job and Kuhlmann, Tim and Kunkels, Yoram K. and Kyc, Megan M. and Lai, Calvin K. and Laique, Aamir and Lakens, Dani{\"{e}}l and Lane, Kristin A. and Lassetter, Bethany and Lazarevi{\'{c}}, Ljiljana B. and {Le Bel}, Etienne P. and Lee, Key Jung and Lee, Minha and Lemm, Kristi and Levitan, Carmel A. and Lewis, Melissa and Lin, Lin and Lin, Stephanie and Lippold, Matthias and Loureiro, Darren and Luteijn, Ilse and MacKinnon, Sean and Mainard, Heather N. and Marigold, Denise C. and Martin, Daniel P. and Martinez, Tylar and Masicampo, E. J. and Matacotta, Josh and Mathur, Maya and May, Michael and Mechin, Nicole and Mehta, Pranjal and Meixner, Johannes and Melinger, Alissa and Miller, Jeremy K. and Miller, Mallorie and Moore, Katherine and M{\"{o}}schl, Marcus and Motyl, Matt and M{\"{u}}ller, Stephanie M. and Munafo, Marcus and Neijenhuijs, Koen I. and Nervi, Taylor and Nicolas, Gandalf and Nilsonne, Gustav and Nosek, Brian A. and Nuijten, Mich{\`{e}}le B. and Olsson, Catherine and Osborne, Colleen and Ostkamp, Lutz and Pavel, Misha and Penton-Voak, Ian S. and Perna, Olivia and Pernet, Cyril and Perugini, Marco and Pipitone, R. Nathan and Pitts, Michael and Plessow, Franziska and Prenoveau, Jason M. and Rahal, Rima Maria and Ratliff, Kate A. and Reinhard, David and Renkewitz, Frank and Ricker, Ashley A. and Rigney, Anastasia and Rivers, Andrew M. and Roebke, Mark and Rutchick, Abraham M. and Ryan, Robert S. and Sahin, Onur and Saide, Anondah and Sandstrom, Gillian M. and Santos, David and Saxe, Rebecca and Schlegelmilch, Ren{\'{e}} and Schmidt, Kathleen and Scholz, Sabine and Seibel, Larissa and Selterman, Dylan Faulkner and Shaki, Samuel and Simpson, William B. and Sinclair, H. Colleen and Skorinko, Jeanine L.M. and Slowik, Agnieszka and Snyder, Joel S. and Soderberg, Courtney and Sonnleitner, Carina and Spencer, Nick and Spies, Jeffrey R. and Steegen, Sara and Stieger, Stefan and Strohminger, Nina and Sullivan, Gavin B. and Talhelm, Thomas and Tapia, Megan and {Te Dorsthorst}, Anniek and Thomae, Manuela and Thomas, Sarah L. and Tio, Pia and Traets, Frits and Tsang, Steve and Tuerlinckx, Francis and Turchan, Paul and Val{\'{a}}{\v{s}}ek, Milan and {Van't Veer}, Anna E. and {Van Aert}, Robbie and {Van Assen}, Marcel and {Van Bork}, Riet and {Van De Ven}, Mathijs and {Van Den Bergh}, Don and {Van Der Hulst}, Marije and {Van Dooren}, Roel and {Van Doorn}, Johnny and {Van Renswoude}, Daan R. and {Van Rijn}, Hedderik and Vanpaemel, Wolf and Echeverr{\'{i}}a, Alejandro V{\'{a}}squez and Vazquez, Melissa and Velez, Natalia and Vermue, Marieke and Verschoor, Mark and Vianello, Michelangelo and Voracek, Martin and Vuu, Gina and Wagenmakers, Eric Jan and Weerdmeester, Joanneke and Welsh, Ashlee and Westgate, Erin C. and Wissink, Joeri and Wood, Michael and Woods, Andy and Wright, Emily and Wu, Sining and Zeelenberg, Marcel and Zuni, Kellylynn},
doi = {10.1126/science.aac4716},
issn = {10959203},
journal = {Science},
number = {6251},
pmid = {26315443},
title = {{Estimating the reproducibility of psychological science}},
volume = {349},
year = {2015}
}

@article{Mccullough1958,
author = {McCullough, Constance M.},
journal = {The Reading Teacher},
number = {4},
pages = {225--229},
title = {{Context aids reading}},
volume = {11},
year = {1958}
}

@article{Morton1964,
author = {Morton, John},
doi = {10.1111/j.2044-8295.1964.tb02716.x},
issn = {00071269},
journal = {British Journal of Psychology},
number = {2},
pages = {165--180},
pmid = {14168481},
title = {{The effects of context on the visual duration threshold for words}},
volume = {55},
year = {1964}
}

@article{Ankener2018,
author = {Ankener, Christine S. and Sekicki, Mirjana and Staudte, Maria},
doi = {10.3389/fpsyg.2018.02387},
issn = {16641078},
journal = {Frontiers in Psychology},
pages = {2387},
title = {{The influence of visual uncertainty on word surprisal and processing effort}},
volume = {9},
year = {2018}
}

@article{Hunter2018,
author = {Hunter, Cynthia R. and Pisoni, David B.},
doi = {10.1097/AUD.0000000000000493},
journal = {Ear and Hearing},
number = {2},
pages = {378--389},
title = {{Extrinsic cognitive load impairs spoken word recognition in high-and low-predictability sentences}},
volume = {39},
year = {2018}
}

@article{Miller1951,
author = {Miller, George A. and Heise, George A. and Lichten, William},
journal = {Journal of Experimental Psychology},
number = {5},
pages = {329--335},
title = {{The intelligibility of speech as a function of the context of the test materials}},
volume = {41},
year = {1951}
}
